% A bibliography used by the example work report, using uw-ece-workreport.cls 
% Copyright (C) 2002,2003  Simon Law
% 
% This program is free software; you can redistribute it and/or modify
% it under the terms of the GNU General Public License as published by
% the Free Software Foundation; either version 2 of the License, or
% (at your option) any later version.
% 
% This program is distributed in the hope that it will be useful,
% but WITHOUT ANY WARRANTY; without even the implied warranty of
% MERCHANTABILITY or FITNESS FOR A PARTICULAR PURPOSE.  See the
% GNU General Public License for more details.
% 
% You should have received a copy of the GNU General Public License
% along with this program; if not, write to the Free Software
% Foundation, Inc., 59 Temple Place, Suite 330, Boston, MA  02111-1307  USA

%%%%%%%%%%%%%%%%%%%%%%%%%%%%%%%%%%%%%%%%%%%%%%%%%%%%%%%%%%%%%%%%%%%%%%%%
% This is an example bibliography, made using BiBTeX.
%
% You can place entries in any order, and BiBTeX will order them
% correctly, saving you time and trouble.  All you have to do is make
% sure your references here match up with the references in your main
% document.
%%%%%%%%%%%%%%%%%%%%%%%%%%%%%%%%%%%%%%%%%%%%%%%%%%%%%%%%%%%%%%%%%%%%%%%%

% Here is a reference to a book.


@BOOK{ref:patterns,
	AUTHOR = "E.Gamma, R.Helm, R.Johnson and J.M.Vlissides",
	TITLE = "Design Patterns: Elements of Reusable Object-Oriented Software",
	PUBLISHER = "Addison-Welsley",
	ADDRESS = "New York, NY",
	YEAR = "1994",
}


@MISC{ref:quantifi,
	TITLE = "Quantifi Solutions",
	NOTE = "\url{http://www.quantifisolutions.com/}
	        (current Aug.\ 2004)",
}

@MISC{ref:mvm_mvc,
	TITLE = "Understanding Composite UI Application Block, Part III",
	NOTE = "\url{http://geekswithblogs.net/kobush/archive/2006/01/09/65305.aspx}
	        (current Aug.\ 2002)",
}


@MISC{ref:binding,
	TITLE = "MSDN: Data Binding Overview.",
	NOTE = "\url{http://msdn.microsoft.com/en-us/library/ms752347.aspx}
	        (current Aug.\ 2004)",
}

@MISC{ref:wpf,
	TITLE = "MSDN: WPF Getting Started",
	NOTE = "\url{http://msdn.microsoft.com/en-us/library/aa970268.aspx}
	        (current Jan.\ 2006)",
}

@MISC{ref:wpf-vs,
	TITLE = "New WPF UI for Visual Studio 2010 revealed",
	NOTE = "\url{http://www.developerfusion.com/news/article/10119/new-wpf-ui-for-visual-studio-2010-revealed/}
	        (current Oct.\ 2007)",
}


@MISC{ref:mvc,
	TITLE = "MSDN: Model View Controller",
	NOTE = "\url{http://msdn.microsoft.com/en-us/library/ms978748.aspx}
	        (current April.\ 2009)",
}


@MISC{ref:mvvm,
	TITLE = "MSDN: The Model-View-ViewModel Design Pattern for WPF",
	NOTE = "\url{http://msdn.microsoft.com/en-us/magazine/dd419663.aspx}
	        (current Aug.\ 2004)",
}


@MISC{ref:mvp,
	TITLE = "MSDN: Model View Presenter",
	NOTE = "\url{http://msdn.microsoft.com/en-us/magazine/cc188690.aspx}
	        (current Aug.\ 2004)",
}

@MISC{ref:mvvm_graphic,
	TITLE = "Intro to MVVM",
	NOTE = "\url{http://hugeonion.com/2009/02/15/intro-to-wpf-mvvm/}
	        (current Aug.\ 2004)",
}

@MISC{ref:mvvm_perf,
	TITLE = "Tales from the Smart Client. Advantages and Disadvantages of WPF",
	NOTE = "\url{http://blogs.msdn.com/johngossman/archive/2006/03/04/543695.aspx}
	        (current Aug.\ 2004)",
}

@MISC{ref:mysqlDev,
	TITLE = "MySQL 5.1 Reference Manual - The MySQL Query Cache",
	NOTE = "\url{http://dev.mysql.com/doc/refman/5.1/en/query-cache.html}
	        (current Feb.\ 2006)",
}


% This is a good example for how to cite a website.  Notice how line
% breaks are just treated as a space.
@MISC{ref:vim,
	TITLE = "welcome : vim online",
	NOTE = "\url{http://vim.sourceforge.net}
	        (current Aug.\ 2002)",
}

% Here is an example of how to deal with titles, such as Jr. and PEng.
@MISC{ref:eceguidelines,
	AUTHOR = "W. M. {Loucks PEng} and G. H. Freeman and J. A. {Barby PEng}",
	TITLE = "{E\&CE} Work Term Report Guidelines",
	NOTE = "\url{http://www.ece.uwaterloo.ca/~wtrc/WrkTrmRpt.html} 
	        (current Aug.\ 2002)",
}

% Look at how I preserve capitalisation in the work GNU.
@MISC{ref:emacs,
	TITLE = "{GNU} {E}macs ---
	         {GNU} Project ---
 	         {F}ree {S}oftware {F}oundation ({FSF})",
	NOTE = "\url{http://www.gnu.org/software/emacs/emacs.html}
	        (current Aug.\ 2002)",
}

@MISC{ref:coopman,
	AUTHOR = "{University of Waterloo, 
	           Co-operative Education \& Career Services}",
	TITLE = "Co-operative Education \& Career Services Student
	         Reference Manual",
	NOTE = "\url{http://www.cecs.uwaterloo.ca/manual/}
	        (current Aug.\ 2002)",
}

@MISC{ref:vi,
	TITLE = "{VI} LOVERS HOME PAGE",
	NOTE = "\url{http://www.thomer.com/vi/vi.html}
	        (current Aug.\ 2002)",
}

@MISC{ref:tetex,
	TITLE = "The {teTeX} homepage",
	NOTE = "\url{http://www.tug.org/teTeX/}
	        (current Aug.\ 2002)",
}

@MISC{ref:miktex,
	TITLE = "{MikTeX} Project Page",
	NOTE = "\url{http://www.miktex.org}
	        (current Aug.\ 2002)",
}

@MISC{ref:gs,
	TITLE = "ghostscript.com",
	NOTE = "\url{http://www.ghostscript.com}
	        (current Aug.\ 2002)",
}

@BOOK{ref:simplified,
	AUTHOR = "Harvey J. Greenberg",
	TITLE = "A simplified introduction to \LaTeX",
	PUBLISHER = "",
	YEAR = "2001",
	NOTE = "\url{http://carbon.cuderwer.edu/~hgreenbe/aboutme/simplified-intro.html}
	        (current Aug.\ 2002)",
}

@BOOK{ref:companion,
	AUTHOR = "Michel Goosens and Frank Mittelback and Alexander Samarin",
	TITLE = "The \LaTeX companion",
	PUBLISHER = "Addison-Wesley",
	ADDRESS = "Reading, MA",
	YEAR = "1994",
}

@BOOK{ref:taocp,
	AUTHOR = "Donald E. Knuth",
	TITLE = "The art of computer programming",
	PUBLISHER = "Addison-Wesley",
	ADDRESS = "Reading, MA",
	YEAR = "1997",
}

@MISC{ref:donpicture,
	TITLE = "Knuth: Graphics",
	NOTE = "\url{http://www-cs-faculty.stanford.edu/~knuth/graphics.html}
	        (current Jan.\ 2003)",
}
